@Book{greg,
 author    = "BrendanGreg",
 title     = "Systems Performance: Enterprise and the Cloud",
 publisher = "Prentice Hall",
 year      =  2013,
 edition   = "1st edition"
}